% Bibliography file for Great Wall Protocol Executive Summary

@article{cybersecurity_market_2024,
  title={Global Cybersecurity Market Report 2024},
  author={{Cybersecurity Ventures}},
  journal={Industry Analysis},
  year={2024},
  volume={12},
  pages={45--67},
  publisher={Market Research Inc.}
}

@book{infrastructure_security,
  title={Digital Infrastructure Security: Best Practices and Emerging Trends},
  author={Anderson, J. and Smith, K.},
  year={2024},
  publisher={Tech Security Press},
  address={New York}
}

@inproceedings{protocol_analysis,
  title={Security Protocol Analysis in Enterprise Environments},
  author={Johnson, M. and Davis, R.},
  booktitle={Proceedings of the International Conference on Cybersecurity},
  pages={123--135},
  year={2023},
  organization={IEEE}
}

@misc{market_research_2024,
  title={Enterprise Security Solutions Market Analysis},
  author={{Research and Markets}},
  howpublished={Online Report},
  year={2024},
  url={https://www.researchandmarkets.com},
  note={Accessed: 2024-12-01}
}